@ARTICLE{imagenet,
	AUTHOR = {Alex Krizhevsky and Ilya Sutskever and Geoffrey E. Hinton},
	TITLE = {ImageNet Classification with Deep Convolutional
	Neural Networks},
	JOURNAL = {NIPS},
	YEAR = {2012},
}

@ARTICLE{KITTI,
	AUTHOR = {Andreas Geiger and Philip Lenz and Christoph Stiller and Raquel Urtasun},
	TITLE = { Vision meets Robotics: The KITTI Dataset},
	JOURNAL = {The international Journal of Robotic Research},
	YEAR = {2013},
}

@ARTICLE{Matter,
		AUTHOR = {Angel Chang and Angela Dai and Thomas Funkhouser and Maciej Halber and Matthias Nießner and Manolis Savva and Shuran Song and Andy Zeng and Yinda Zhang},
	TITLE = { Matterport3D: Learning from RGB-D Data in Indoor Environments},
	JOURNAL = {International Conference on 3D Vision (3DV)},
	YEAR = {2017},
}

@ARTICLE{Replica,
	AUTHOR = {Julian Straub and Thomas Whelan and Lingni Ma and Yufan Chen and Erik Wijmans and Simon Green and Jakob J. Engel and Raul Mur-Artal and Carl Ren and  Shobhit Verma and Anton Clarkson and Mingfei Yan and Brian Budge and Yajie Yan and  Xiaqing Pan and June Yon and Yuyang Zou and Kimberly Leon and Nigel Carter and Jesus Briales and Tyler Gillingham and Elias Mueggler and Luis Pesqueira and Manolis Savva and Dhruv Batra and Hauke M. Strasdat and Renzo De Nardi and Michael Goesele and Steven Lovegrove and Richard Newcombe},
	TITLE = { The Replica Dataset: A Digital Replica of Indoor Spaces},
	JOURNAL = {arXiv preprint arXiv:1906.05797},
	YEAR = {2019},
}
@ARTICLE{SL,
	AUTHOR = {Pierluigi Zama Ramirez and Claudio Paternesi and Luca De Luigi and Luigi Lella and Daniele De Gregorio and Luigi Di Stefano},
	TITLE = { Shooting Labels: 3D Semantic Labeling
	by Virtual Reality},
	JOURNAL = {IEEE AIVR},
	YEAR = {2020},
}

@article{Geirhos2017a,
	author = {R. Geirhos and D. H. J. Janssen and H. H. Schütt and J. Rauber and M. Bethge and F. A. Wichmann},
	title = {Comparing deep neural networks against humans: object recognition when the signal gets weaker},
	year = 2017,
	journal = {arXiv},
}


@BOOK{AI,
	AUTHOR = {Stuart Russel and Peter Norving},
	TITLE = {Artificial Intelligence: a modern approch},
	PUBLISHER = {Prentice Hall},
	YEAR = {2003},
}

@misc{neuralnet,
	title = {Neural Network },
	note = {\url{https://deepai.org/machine-learning-glossary-and-terms/neural-network}},
}
@misc{polimi,
	title = {Alla scoperta del Deep Learning: significato, esempi e applicazioni },
	note = {\url{https://blog.osservatori.net/it_it/deep-learning-significato-esempi-applicazioni}},
}
@BOOK{ML,
	AUTHOR = {Sebastian Raschka},
	TITLE = {Machine Learning con python},
	PUBLISHER = {Apogeo Editore},
	YEAR = {2015},
}

@BOOK{inbook,
	author = {Onyesolu, Moses and Eze, Udoka},
	year = {2011},
	title = {Understanding Virtual Reality Technology: Advances and Applications},
	isbn = {978-953-307-173-2},
	doi = {10.5772/15529}
}

@misc{steamvr,
	title = {StemVR documentazione},
	note = {\url{https://partner.steamgames.com/doc/features/steamvr/info}},

